@article{keedy2018,
  title={Decoding on the ribosome depends on the structure of the mRNA phosphodiester backbone},
  author={Keedy, Hannah E and Thomas, Erica N and Zaher, Hani S},
  journal={Proceedings of the National Academy of Sciences},
  volume={115},
  number={29},
  pages={E6731--E6740},
  year={2018},
  publisher={National Acad Sciences}
}

@article{gilchrist2006,
  title={A model of protein translation including codon bias, nonsense errors, and ribosome recycling},
  author={Gilchrist, Michael A and Wagner, Andreas},
  journal={Journal of theoretical biology},
  volume={239},
  number={4},
  pages={417--434},
  year={2006},
  publisher={Elsevier}
}

@incollection{kurland1993,
  title={The impact of nutritional state on the microevolution of ribosomes},
  author={Kurland, CG and Mikkola, Riitta},
  booktitle={Starvation in bacteria},
  pages={225--237},
  year={1993},
  publisher={Springer}
}

@article{kurland1992,
  title={Translational accuracy and the fitness of bacteria},
  author={Kurland, CG},
  journal={Annual review of genetics},
  volume={26},
  number={1},
  pages={29--50},
  year={1992},
  publisher={Annual Reviews 4139 El Camino Way, PO Box 10139, Palo Alto, CA 94303-0139, USA}
}

@article{baranov2015augmented,
  title={Augmented genetic decoding: global, local and temporal alterations of decoding processes and codon meaning},
  author={Baranov, Pavel V and Atkins, John F and Yordanova, Martina M},
  journal={Nature Reviews Genetics},
  volume={16},
  number={9},
  pages={517--529},
  year={2015},
  publisher={Nature Publishing Group}
}
@article{gurvich2003sequences,
  title={Sequences that direct significant levels of frameshifting are frequent in coding regions of Escherichia coli},
  author={Gurvich, Olga L and Baranov, Pavel V and Zhou, Jiadong and Hammer, Andrew W and Gesteland, Raymond F and Atkins, John F},
  journal={The EMBO journal},
  volume={22},
  number={21},
  pages={5941--5950},
  year={2003},
  publisher={John Wiley \& Sons, Ltd}
}
@article{zhang2010global,
  title={Global and local depletion of ternary complex limits translational elongation},
  author={Zhang, Gong and Fedyunin, Ivan and Miekley, Oskar and Valleriani, Angelo and Moura, Alessandro and Ignatova, Zoya},
  journal={Nucleic acids research},
  volume={38},
  number={14},
  pages={4778--4787},
  year={2010},
  publisher={Oxford University Press}
}
@article{zaher2011primary,
  title={A primary role for release factor 3 in quality control during translation elongation in Escherichia coli},
  author={Zaher, Hani S and Green, Rachel},
  journal={Cell},
  volume={147},
  number={2},
  pages={396--408},
  year={2011},
  publisher={Elsevier}
}

@article{chadani2010ribosome,
  title={Ribosome rescue by Escherichia coli ArfA (YhdL) in the absence of trans-translation system},
  author={Chadani, Yuhei and Ono, Katsuhiko and Ozawa, Shin-ichiro and Takahashi, Yuichiro and Takai, Kazuyuki and Nanamiya, Hideaki and Tozawa, Yuzuru and Kutsukake, Kazuhiro and Abo, Tatsuhiko},
  journal={Molecular microbiology},
  volume={78},
  number={4},
  pages={796--808},
  year={2010},
  publisher={Wiley Online Library}
}

@article{chadani2011escherichia,
  title={Escherichia coli YaeJ protein mediates a novel ribosome-rescue pathway distinct from SsrA-and ArfA-mediated pathways},
  author={Chadani, Yuhei and Ono, Katsuhiko and Kutsukake, Kazuhiro and Abo, Tatsuhiko},
  journal={Molecular microbiology},
  volume={80},
  number={3},
  pages={772--785},
  year={2011},
  publisher={Wiley Online Library}
}

@article{ramakrishnan2002,
  title={Ribosome structure and the mechanism of translation},
  author={Ramakrishnan, Venki},
  journal={Cell},
  volume={108},
  number={4},
  pages={557--572},
  year={2002},
  publisher={Elsevier}
}

@article{ou2019errors,
  title={Errors in translational decoding: tRNA wobbling or misincorporation?},
  author={Ou, Xumin and Cao, Jingyu and Cheng, Anchun and Peppelenbosch, Maikel P and Pan, Qiuwei},
  journal={PLoS genetics},
  volume={15},
  number={3},
  pages={e1008017},
  year={2019},
  publisher={Public Library of Science San Francisco, CA USA}
}

@article{chiarugi2016,
  title={Quantitative assessment of ribosome drop-off in E. coli},
  author={Sin, Celine and Chiarugi, Davide and Valleriani, Angelo},
  journal={Nucleic acids research},
  volume={44},
  number={6},
  pages={2528--2537},
  year={2016},
  publisher={Oxford University Press}
}
@article{monticolo2021translation,
  title={Translation machinery reprogramming in programmed cell death in Saccharomyces cerevisiae},
  author={Monticolo, Francesco and Palomba, Emanuela and Chiusano, Maria Luisa},
  journal={Cell death discovery},
  volume={7},
  number={1},
  pages={1--9},
  year={2021},
  publisher={Nature Publishing Group}
}

@article{keiler1996role,
  title={Role of a peptide tagging system in degradation of proteins synthesized from damaged messenger RNA},
  author={Keiler, Kenneth C and Waller, Patrick RH and Sauer, Robert T},
  journal={Science},
  volume={271},
  number={5251},
  pages={990--993},
  year={1996},
  publisher={American Association for the Advancement of Science}
}
@article{keiler2015mechanisms,
  title={Mechanisms of ribosome rescue in bacteria},
  author={Keiler, Kenneth C},
  journal={Nature Reviews Microbiology},
  volume={13},
  number={5},
  pages={285--297},
  year={2015},
  publisher={Nature Publishing Group}
}

@article{zaher2009quality,
  title={Quality control by the ribosome following peptide bond formation},
  author={Zaher, Hani S and Green, Rachel},
  journal={Nature},
  volume={457},
  number={7226},
  pages={161--166},
  year={2009},
  publisher={Nature Publishing Group}
}

@article{yip2021detecting,
  title={Detecting and Rescuing Stalled Ribosomes},
  author={Yip, Matthew CJ and Shao, Sichen},
  journal={Trends in Biochemical Sciences},
  year={2021},
  publisher={Elsevier}
}

@article{jorgensen1990processivity,
  title={Processivity errors of gene expression in Escherichia coli},
  author={J{\o}rgensen, Flemming and Kurland, Charles G},
  journal={Journal of molecular biology},
  volume={215},
  number={4},
  pages={511--521},
  year={1990},
  publisher={Elsevier}
}


@article{langmead2012fast,
  title={Fast gapped-read alignment with Bowtie 2},
  author={Langmead, Ben and Salzberg, Steven L},
  journal={Nature methods},
  volume={9},
  number={4},
  pages={357},
  year={2012},
  publisher={Nature Publishing Group}
}
@article{quinlan2010bedtools,
  title={BEDTools: a flexible suite of utilities for comparing genomic features},
  author={Quinlan, Aaron R and Hall, Ira M},
  journal={Bioinformatics},
  volume={26},
  number={6},
  pages={841--842},
  year={2010},
  publisher={Oxford University Press}
}

@article{valleriani2010turnover,
  title={Turnover of messenger RNA: Polysome statistics beyond the steady state},
  author={Valleriani, Angelo and Ignatova, Zoya and Nagar, Apoorva and Lipowsky, Reinhard},
  journal={EPL (Europhysics Letters)},
  volume={89},
  number={5},
  pages={58003},
  year={2010},
  publisher={IOP Publishing}
}
%mRNA GO map
@article{ciandrini2013ribosome,
  title={Ribosome traffic on mRNAs maps to gene ontology: genome-wide quantification of translation initiation rates and polysome size regulation},
  author={Ciandrini, Luca and Stansfield, Ian and Romano, M Carmen},
  journal={PLoS computational biology},
  volume={9},
  number={1},
  pages={e1002866},
  year={2013},
  publisher={Public Library of Science San Francisco, USA}
}